@article{HausDesFragens,
author = {Ludger Br√ºning and Tobias Saum},
title = {Kooperativ und anspruchsvoll},
journaltitle = {Praxis Schule},
year = {2012},
volume = {5/2012},
pages = {9--14},
url = {http://vielfalt-lernen.zum.de/images/b/b4/Kooperativ_und_anspruchsvoll.pdf},
urldate = {2020-04-20},
}


